<?xml version="1.0" encoding="UTF-8"?><collection xmlns="http://www.loc.gov/MARC21/slim"><record><leader>00592nam--2200217-i-4500</leader><controlfield tag="001">000019169</controlfield><controlfield tag="002">20161230</controlfield><controlfield tag="005">20161230201033</controlfield><controlfield tag="008">060222s1000------------r-----000-0-eng-d</controlfield><datafield ind1=" " ind2=" " tag="020"><subfield code="a">3540648461</subfield></datafield><datafield ind1=" " ind2=" " tag="040"><subfield code="a">IFIN-HH</subfield></datafield><datafield ind1=" " ind2=" " tag="080"><subfield code="a">535.243.247:681.787</subfield></datafield><datafield ind1="1" ind2=" " tag="100"><subfield code="a">Dragoman, Daniela</subfield></datafield><datafield ind1="1" ind2="0" tag="245"><subfield code="a">Advanced optoelectronic devices</subfield><subfield code="c">Daniela dragoman, mircea dragoman</subfield></datafield><datafield ind1=" " ind2=" " tag="260"><subfield code="a">Berlin</subfield><subfield code="b">Springer</subfield><subfield code="c">1999</subfield></datafield><datafield ind1=" " ind2=" " tag="300"><subfield code="a">XII+424P</subfield></datafield><datafield ind1=" " ind2=" " tag="490"><subfield code="a">Springer Series In Photonics</subfield><subfield code="v">Vol. 1</subfield></datafield><datafield ind1=" " ind2=" " tag="500"><subfield code="a">Donatie</subfield></datafield><datafield ind1="1" ind2=" " tag="700"><subfield code="a">Dragoman, Mircea</subfield></datafield><datafield ind1=" " ind2=" " tag="852"><subfield code="a">81052</subfield><subfield code="c">535</subfield></datafield><datafield ind1=" " ind2=" " tag="CAT"><subfield code="a">Sys</subfield><subfield code="c">20121017</subfield><subfield code="h">154509</subfield></datafield></record></collection>